@article{chen2020federated,
  author  = {Samuel Yen-Chi Chen and Shinjae Yoo},
  title   = {Federated Quantum Machine Learning},
  year    = {2021},
}

@article{QFNNFFD,
  author  = {Nouhaila Innan and Alberto Marchisio and Muhammad Shafique and Mohamed Bennai},
  title   = {QFNN-FFD: Quantum Federated Neural Network for Financial Fraud Detection},
  year    = {2024},
}

@article{ComparativePerformanceAnalysis,
  author  = {Mansour El Alami and Nouhaila Innan and Muhammad Shafique and Mohamed Bennai},
  title   = {Comparative Performance Analysis of Quantum Machine Learning Architectures for Credit Card Fraud Detection},
  year    = {2025},
}

@article{ComparativeStudyQML,
  author  = {Nouhaila Innan and Muhammad Al-Zafar Khan and Mohamed Bennai},
  title   = {Financial Fraud Detection: A Comparative Study of Quantum Machine Learning Models},
  year    = {2023},
}


@article{quantum_blockchain,
  author  = {Chuntang Li and Yinsong Xu and Jiahao Tang and Wenjie Liu},
  title   = {Quantum Blockchain: A Decentralized, Encrypted and Distributed Database Based on Quantum Mechanics},
  year    = {2019},
}